<record><leader>00000cas a22000007a 4500</leader><controlfield tag="001">9650673</controlfield><controlfield tag="008">830628d18491849nyuwr ne      0    0eng d</controlfield><controlfield tag="009">3781</controlfield><datafield ind1=" " ind2=" " tag="010"><subfield code="a">sn 83030722 </subfield></datafield><datafield ind1=" " ind2=" " tag="040"><subfield code="a">NPU</subfield><subfield code="b">eng</subfield><subfield code="c">NPU</subfield><subfield code="d">NYS</subfield></datafield><datafield ind1="1" ind2=" " tag="029"><subfield code="a">AU@</subfield><subfield code="b">000020628939</subfield></datafield><datafield ind1=" " ind2=" " tag="042"><subfield code="a">msc</subfield></datafield><datafield ind1="0" ind2=" " tag="130"><subfield code="a">People (New York, N.Y. : 1849)</subfield></datafield><datafield ind1="0" ind2="4" tag="245"><subfield code="a">The people.</subfield></datafield><datafield ind1=" " ind2=" " tag="260"><subfield code="a">New York [N.Y. :</subfield><subfield code="b">Thomas Devin Reilly, John McClanahan and William E. Robinson],</subfield><subfield code="c">1849.</subfield></datafield><datafield ind1=" " ind2=" " tag="300"><subfield code="a">1 v. ;</subfield><subfield code="c">52 cm.</subfield></datafield><datafield ind1=" " ind2=" " tag="310"><subfield code="a">Weekly</subfield></datafield><datafield ind1="0" ind2=" " tag="362"><subfield code="a">Vol. 1, no. 1 (Jan. 13, 1849)-v. 1, no. 26 (July 7, 1849).</subfield></datafield><datafield ind1=" " ind2=" " tag="500"><subfield code="a">"The People's care will be to foster good will between the emigrant  and the native."</subfield></datafield><datafield ind1=" " ind2=" " tag="500"><subfield code="a">Editors: Thomas Devin Reilly, John McClenahan and W. E. Robinson, 1849.</subfield></datafield><datafield ind1="1" ind2=" " tag="700"><subfield code="a">Reilly, Thomas Devin,</subfield><subfield code="e">ed.</subfield></datafield><datafield ind1="1" ind2=" " tag="700"><subfield code="a">McClenahan, John,</subfield><subfield code="e">ed.</subfield></datafield><datafield ind1="1" ind2=" " tag="700"><subfield code="a">Robinson, W. E.,</subfield><subfield code="e">ed.</subfield></datafield><datafield ind1=" " ind2=" " tag="752"><subfield code="a">United States</subfield><subfield code="b">New York</subfield><subfield code="c">New York</subfield><subfield code="d">New York.</subfield></datafield></record>